<record><leader>00000cas a22000007a 4500</leader><controlfield tag="001">15193859</controlfield><controlfield tag="008">870213d18411842pauwr ne      0    0eng  </controlfield><controlfield tag="009">466</controlfield><datafield ind1=" " ind2=" " tag="010"><subfield code="a">sn 87062075 </subfield></datafield><datafield ind1=" " ind2=" " tag="040"><subfield code="a">DLC</subfield><subfield code="b">eng</subfield><subfield code="c">DLC</subfield><subfield code="d">NPH</subfield><subfield code="d">OCLCQ</subfield></datafield><datafield ind1="1" ind2=" " tag="029"><subfield code="a">AU@</subfield><subfield code="b">000025839837</subfield></datafield><datafield ind1=" " ind2=" " tag="042"><subfield code="a">msc</subfield></datafield><datafield ind1="0" ind2="0" tag="050"><subfield code="a">Newspaper 9569</subfield></datafield><datafield ind1="0" ind2=" " tag="130"><subfield code="a">United States (Philadelphia, Pa.)</subfield></datafield><datafield ind1="1" ind2="0" tag="245"><subfield code="a">United States.</subfield></datafield><datafield ind1=" " ind2=" " tag="260"><subfield code="a">Philadelphia [Pa.] :</subfield><subfield code="b">Swain, Abell &amp; Simmons,</subfield><subfield code="c">1841-</subfield></datafield><datafield ind1=" " ind2=" " tag="300"><subfield code="a">v. ;</subfield><subfield code="c">76 cm.</subfield></datafield><datafield ind1=" " ind2=" " tag="310"><subfield code="a">Weekly</subfield></datafield><datafield ind1="0" ind2=" " tag="362"><subfield code="a">New ser., v. 5, no. 1 (May 1, 1841)- = Whole no. 209-</subfield></datafield><datafield ind1="1" ind2=" " tag="362"><subfield code="a">Ceased with Oct. 1, 1842 issue.</subfield><subfield code="z">Cf. Gregory, W. Amer. newspapers.</subfield></datafield><datafield ind1=" " ind2=" " tag="580"><subfield code="a">Merged with: Saturday evening post (Philadelphia, Pa.), and: Saturday chronicle (Philadelphia, Pa.), to form: United States Saturday post and chronicle.</subfield></datafield><datafield ind1=" " ind2=" " tag="752"><subfield code="a">United States</subfield><subfield code="b">Pennsylvania</subfield><subfield code="c">Philadelphia</subfield><subfield code="d">Philadelphia.</subfield></datafield><datafield ind1="0" ind2="0" tag="780"><subfield code="t">Weekly ledger (Philadelphia, Pa.)</subfield><subfield code="w">(DLC)sn 85038466</subfield></datafield><datafield ind1="1" ind2="7" tag="785"><subfield code="t">Saturday evening post (Philadelphia, Pa.)</subfield></datafield><datafield ind1="1" ind2="7" tag="785"><subfield code="t">Saturday chronicle (Philadelphia, Pa.)</subfield><subfield code="w">(DLC)sn 87079925</subfield></datafield><datafield ind1="1" ind2="7" tag="785"><subfield code="t">United States Saturday post and chronicle</subfield><subfield code="w">(DLC)sn 87052115</subfield></datafield></record>